

@Manual{bsvars,
    title = {\pkg{bsvars}: Bayesian Estimation of Structural Vector Autoregressive Models},
    author = {Tomasz Wo\'zniak},
    year = {2022},
    note = {{R} package version 1.0.0},
    url = {http://CRAN.R-project.org/package=bsvars}
  }

@article{sims1980macroeconomics,
  title={Macroeconomics and reality},
  author={Sims, Christopher A},
  journal={Econometrica},
  Volume = {48},
  Number = {1},
  pages={1--48},
  year={1980},
  DOI = {10.2307/1912017}
}


@Manual{Rcore,
    title = {{R}: A Language and Environment for Statistical Computing},
    author = {{R Core Team}},
    organization = {R Foundation for Statistical Computing},
    address = {Vienna, Austria},
    year = {2021},
    url = {https://www.R-project.org/}
  }


@article{eddelbuettel2011rcpp,
  title={\pkg{Rcpp}: Seamless {R} and {C++} integration},
  author={Eddelbuettel, Dirk and Fran{\c{c}}ois, Romain and Allaire, J and Ushey, Kevin and Kou, Qiang and Russel, N and Chambers, John and Bates, D},
  journal={Journal of statistical software},
  volume={40},
  number={8},
  pages={1--18},
  year={2011}
}


@book{eddelbuettel_seamless_2013,
	address = {New York, NY},
	title = {Seamless {R} and {C}++ {Integration} with \pkg{Rcpp}},
	publisher = {Springer},
	author = {Eddelbuettel, Dirk},
	year = {2013}
}

@article{eddelbuettel_rcpparmadillo2014,
	title = {\pkg{RcppArmadillo}: {Accelerating} {R} with high-performance {C++} linear algebra},
	volume = {71},
	journal = {Computational Statistics \& Data Analysis},
	author = {Eddelbuettel, Dirk and Sanderson, Conrad},
	month = mar,
	year = {2014},
	pages = {1054--1063}
}


@article{sanderson2016armadillo,
  title={\pkg{Armadillo}: a template-based {C++} library for linear algebra},
  author={Sanderson, Conrad and Curtin, Ryan},
  journal={Journal of Open Source Software},
  volume={1},
  number={2},
  pages={26},
  year={2016}
}


@Manual{GIGrvg,
    title = {\pkg{GIGrvg}: Random Variate Generator for the GIG Distribution},
    author = {Josef Leydold and Wolfgang H\"ormann},
    year = {2017},
    note = {{R} package version 0.5},
    url = {https://CRAN.R-project.org/package=GIGrvg},
  }
  
@Manual{RcppTN,
    title = {\pkg{RcppTN}: Rcpp-Based Truncated Normal Distribution RNG and Family},
    author = {Jonathan Olmsted},
    year = {2017},
    note = {{R} package version 0.2-2},
    url = {https://CRAN.R-project.org/package=RcppTN}
  }


@Manual{RcppZiggurat,
    title = {\pkg{RcppZiggurat}: \pkg{Rcpp} Integration of Different "Ziggurat" Normal RNG
Implementations},
    author = {Dirk Eddelbuettel},
    year = {2020},
    note = {R package version 0.1.6},
    url = {https://CRAN.R-project.org/package=RcppZiggurat},
  }

@Manual{RcppProgress,
    title = {\pkg{RcppProgress}: An Interruptible Progress Bar with OpenMP Support for C++ in R
Packages},
    author = {Karl Forner},
    year = {2020},
    note = {R package version 0.4.2},
    url = {https://CRAN.R-project.org/package=RcppProgress},
  }

@Manual{R6,
    title = {\pkg{R6}: Encapsulated Classes with Reference Semantics},
    author = {Winston Chang},
    year = {2021},
    note = {R package version 2.5.1},
    url = {https://CRAN.R-project.org/package=R6},
  }
  
  
@article{marsaglia2000ziggurat,
  title={The ziggurat method for generating random variables},
  author={Marsaglia, George and Tsang, Wai Wan},
  journal={Journal of statistical software},
  volume={5},
  pages={1--7},
  year={2000},
  doi = {10.18637/jss.v005.i08}
}

@article{leong2005comment,
  title={A Comment on the Implementation of the Ziggurat method},
  author={Leong, Philip HW and Zhang, Ganglie and Lee, Dong-U and Luk, Wayne and Villasenor, John},
  journal={Journal of Statistical Software},
  volume={12},
  pages={1--4},
  year={2005},
  doi = {10.18637/jss.v012.i07}
}

  

@article{factorstochvol,
	title = {Modeling {Univariate} and {Multivariate} {Stochastic} {Volatility} in {R} with \pkg{stochvol} and \pkg{factorstochvol}},
	volume = {100},
	number = {12},
	journal = {Journal of Statistical Software},
	author = {Hosszejni, Darjus and Kastner, Gregor},
	year = {2021}
}

@article{Kastner2014,
title = "Ancillarity-sufficiency interweaving strategy (ASIS) for boosting MCMC estimation of stochastic volatility models",
Author = {Kastner, Gregor and Fr{\"{u}}hwirth-Schnatter, Sylvia},
journal = "Computational Statistics \& Data Analysis",
volume = "76",
pages = "408 - 423",
year = "2014",
note = "CFEnetwork: The Annals of Computational and Financial Econometrics",
issn = "0167-9473",
doi = "https://doi.org/10.1016/j.csda.2013.01.002"
}

@Manual{MTS,
    title = {\pkg{MTS}: All-Purpose Toolkit for Analyzing Multivariate Time Series (MTS) and Estimating Multivariate Volatility Models},
    author = {Ruey S. Tsay and David Wood and Jon Lachmann},
    year = {2022},
    note = {{R} package version 1.2.1},
    url = {http://CRAN.R-project.org/package=MTS}
  }

 @Article{svars,
    title = {\pkg{svars}: An {R} Package for Data-Driven Identification in Multivariate Time Series Analysis},
    author = {Alexander Lange and Bernhard Dalheimer and Helmut Herwartz and Simone Maxand},
    journal = {Journal of Statistical Software},
    year = {2021},
    volume = {97},
    number = {5},
    pages = {1--34},
    doi = {10.18637/jss.v097.i05},
  }


@Article{vars,
    title = {VAR, SVAR and SVEC Models: Implementation Within {R} Package \pkg{vars}},
    author = {Bernhard Pfaff},
    journal = {Journal of Statistical Software},
    year = {2008},
    volume = {27},
    number = {4},
    pages = {1--32},
    doi = {10.18637/jss.v027.i04},
  }


@Article{BVAR,
    title = {\pkg{BVAR}: Bayesian Vector Autoregressions with Hierarchical
  Prior Selection in {R}},
    author = {N. Kuschnig and L. Vashold},
    journal = {Journal of Statistical Software},
    year = {2021},
    volume = {100},
    number = {14},
    pages = {1--27},
    doi = {10.18637/jss.v100.i14},
  }

@Manual{bvarsv,
    title = {\pkg{bvarsv}: Bayesian Analysis of a Vector Autoregressive Model with
Stochastic Volatility and Time-Varying Parameters},
    author = {Fabian Krueger},
    year = {2015},
    note = {{R} package version 1.1},
    url = {https://CRAN.R-project.org/package=bvarsv}
  }
  
@Article{VARsignR,
    title = {\pkg{VARsignR}: Estimating VARs using sign restrictions in {R}},
    author = {Christian Danne},
    journal = {MPRA Paper},
    year = {2015},
    volume = {69429},
    pages = {1--16},
    url = {https://mpra.ub.uni-muenchen.de/68429/}
  }

  

@Manual{MSBVAR,
    title = {\pkg{MSBVAR}: Bayesian Vector Autoregression Models, Impulse Responses and Forecasting},
    author = {Patrick T. Brandt},
    year = {2006},
    note = {{R} package version 0.1.1},
    url = {https://CRAN.R-project.org/package=MSBVAR}
  }


@Manual{bvartools,
    title = {\pkg{bvartools}: Bayesian Inference of Vector Autoregressive and Error Correction Models},
    author = {Franz X. Mohr},
    year = {2022},
    note = {{R} package version 0.2.1},
    url = {https://CRAN.R-project.org/package=bvartools}
  }

@Article{shrinkTVP,
    title = {Shrinkage in the Time-Varying Parameter Model Framework
      Using the {R} Package \pkg{shrinkTVP}},
    author = {Peter Knaus and Angela Bitto-Nemling and Annalisa Cadonna
      and Sylvia Fr\"uhwirth-Schnatter},
    journal = {Journal of Statistical Software},
    year = {2021},
    volume = {100},
    number = {13},
    pages = {1--32},
    doi = {10.18637/jss.v100.i13},
  }
  
@article{Bitto2019,
title = {Achieving shrinkage in a time-varying parameter model framework},
journal = {Journal of Econometrics},
volume = {210},
number = {1},
pages = {75-97},
year = {2019},
doi = {https://doi.org/10.1016/j.jeconom.2018.11.006},
author = {Angela Bitto and Sylvia Frühwirth-Schnatter}
}


@Article{Cadonna2020,
AUTHOR = {Cadonna, Annalisa and Frühwirth-Schnatter, Sylvia and Knaus, Peter},
TITLE = {Triple the Gamma—A Unifying Shrinkage Prior for Variance and Variable Selection in Sparse State Space and TVP Models},
JOURNAL = {Econometrics},
VOLUME = {8},
YEAR = {2020},
NUMBER = {2},
ARTICLE-NUMBER = {20},
DOI = {10.3390/econometrics8020020}
}





@Article{Rigobon03,
  author    = {Rigobon, R.},
  title     = {Identification through heteroskedasticity},
  journal   = {Review of Economics and Statistics},
  year      = {2003},
  volume    = {85},
  pages     = {777--792},
  doi = {https://doi.org/10.1162/003465303772815727}
}

@Article{LLM2010,
  author    = {Lanne, M. and L\"utkepohl, H. and Maciejowska, K.},
  title     = {Structural vector autoregressions with {M}arkov switching},
  journal   = {Journal of Economic Dynamics and Control},
  year      = {2010},
  volume    = {34},
  pages     = {121-131},
  DOI = {10.1016/j.jedc.2009.08.002}
}

@article{Wozniak2015,
author = {Wo\'{z}niak, Tomasz and Droumaguet, Matthieu},
journal = {University of Melbourne Working Papers Series},
title = {{Assessing Monetary Policy Models: Bayesian Inference for Heteroskedastic Structural VARs}},
volume = {2017},
year = {2015},
doi = {10.13140/RG.2.2.19492.55687}
}


@mics{twss_2021,
	title = {Simulation {Smoother} using \pkg{RcppArmadillo}},
	urldate = {2021-09-05},
	journal = {RcppGallery},
	author = {Tomasz Wo\'zniak},
	month = sep,
	year = {2021},
	note = {\textit{RcppGallery}, 
	URL: \url{https://gallery.rcpp.org/articles/simulation-smoother-using-rcpparmadillo/}, (Accessed on 5 September 2021).}
}



@article{LW2017,
	title = {Bayesian inference for structural vector autoregressions identified by {Markov}-switching heteroskedasticity},
	volume = {113},
	doi = {10.1016/j.jedc.2020.103862},
	journal = {Journal of Economic Dynamics and Control},
	author = {L\"utkepohl, Helmut and Wo\'zniak, Tomasz},
	year = {2020},
	pages = {103862},
	doi = {10.1016/j.jedc.2020.103862}
}


@unpublished{chankoopyu2021,
	title = {Large {Order}-{Invariant} {Bayesian} {VARs} with {Stochastic} {Volatility}},
	author = {Chan, Joshua C. C. and Koop, Gary and Yu, Xuewen},
	year = {2021},
	doi = {10.48550/arXiv.2111.07225}
}


@Article{Herwartz2014,
  author      = {Herwartz, H. and L\"utkepohl, H.},
  title       = {Structural Vector Autoregressions with {M}arkov Switching: {C}ombining Conventional with Statistical Identification of Shocks},
  journal     = {Journal of Econometrics},
  year        = {2014},
  volume      = {183},
  pages       = {104-116},
  doi = {10.1016/j.jeconom.2014.06.012}
}


@article{Doan1984,
author = {Doan, Thomas and Litterman, Robert B. and Sims, Christopher A.},
journal = {Econometric Reviews},
number = {June 2013},
pages = {37--41},
title = {{Forecasting and Conditional Projection Using Realistic Prior Distributions}},
volume = {3},
year = {1984},
doi = {10.1080/07474938408800053}
}

@article{Giannone2015,
author = {Giannone, Domenico and Lenza, Michele and Primiceri, Giorgio E.},
journal = {Review of Economics and Statistics},
number = {2},
pages = {436--451},
title = {{Prior selection for Vector Autoregressions}},
volume = {97},
year = {2015}, 
doi = {10.1162/REST_a_00483}
}


@article{RubioRamirez2010,
author = {Rubio-Ram\'{\i}rez, Juan F. and Waggoner, Daniel F. and Zha, Tao},
journal = {Review of Economic Studies},
number = {2},
pages = {665--696},
title = {{Structural Vector Autoregressions: Theory of Identification and Algorithms for Inference}},
volume = {77},
year = {2010},
doi = {10.1111/j.1467-937X.2009.00578.x}
}

@article{Primiceri2005,
    author = {Primiceri, Giorgio E.},
    title = "{Time Varying Structural Vector Autoregressions and Monetary Policy}",
    journal = {The Review of Economic Studies},
    volume = {72},
    number = {3},
    pages = {821-852},
    year = {2005},
    month = {07},
    doi = {10.1111/j.1467-937X.2005.00353.x}
}



@article{lanne2017,
	title = {Identification and estimation of non-{Gaussian} structural vector autoregressions},
	volume = {196},
	doi = {10.1016/j.jeconom.2016.06.002},
	number = {2},
	journal = {Journal of Econometrics},
	author = {Lanne, Markku and Meitz, Mika and Saikkonen, Pentti},
	year = {2017},
	pages = {288--304},
}



@ARTICLE{Banbura2010,
  author = {Ba\'nbura, Marta and Giannone, Domenico and Reichlin, Lucrezia},
  title = {{Large Bayesian Vector Auto Regressions}},
  journal = {Journal of Applied Econometrics},
  year = {2010},
  volume = {92},
  pages = {71-- 92},
  doi = {10.1002/jae.1137}
}

@article{Wozniak2016,
author = {Wo\'zniak, Tomasz},
title = {Bayesian Vector Autoregressions},
journal = {Australian Economic Review},
volume = {49},
number = {3},
pages = {365-380},
doi = {10.1111/1467-8462.12179},
year = {2016}
}


@ARTICLE{Lanne2010,
  author = {Lanne, Markku and L\"utkepohl, Helmut},
  title = {{Structural Vector Autoregressions With Nonnormal Residuals}},
  journal = {Journal of Business \& Economic Statistics},
  year = {2010},
  volume = {28},
  pages = {159--168},
  number = {1},
  doi = {10.1198/jbes.2009.06003}
}

@ARTICLE{Lanne2008,
  author = {Lanne, Markku and L\"utkepohl, Helmut},
  title = {{Identifying Monetary Policy Shocks via Changes in Volatility}},
  journal = {Journal of Money, Credit and Banking},
  year = {2008},
  volume = {40},
  pages = {1131--1149},
  number = {6},
  doi = {10.1111/j.1538-4616.2008.00151.x}
}


@UNPUBLISHED{LSUW2022,
  author = {L\"utkepohl, Helmut and Shang, Fei and Uzeda, Luis and Wo{\'{z}}niak,
	Tomasz},
  title = {Partial Identification of Heteroskedastic Structural VARs: Theory
	and Bayesian Inference},
  year = {2022}
}

@article{malsiner2016model,
  title={Model-based clustering based on sparse finite Gaussian mixtures},
  author={Malsiner-Walli, Gertraud and Fr{\"u}hwirth-Schnatter, Sylvia and Gr{\"u}n, Bettina},
  journal={Statistics and computing},
  volume={26},
  number={1},
  pages={303--324},
  year={2016},
  doi={10.1007/s11222-014-9500-2}
}


@ARTICLE{Sims2006,
  author = {Sims, Christopher A. and Zha, Tao},
  title = {{Were There Regime Switches in U.S. Monetary Policy?}},
  journal = {American Economic Review},
  year = {2006},
  volume = {96},
  pages = {54--81},
  number = {1},
  month = {mar},
  doi = {10.1257/000282806776157678}
}


@Article{WaggonerZha2003,
  author={Waggoner, Daniel F. and Zha, Tao},
  title={{A Gibbs sampler for structural vector autoregressions}},
  journal={Journal of Economic Dynamics and Control},
  year=2003,
  volume={28},
  number={2},
  pages={349-366},
  month={November},
  doi = {10.1016/S0165-1889(02)00168-9}
}

@article{WaggonerZha2003norm,
title = {Likelihood preserving normalization in multiple equation models},
journal = {Journal of Econometrics},
volume = {114},
number = {2},
pages = {329-347},
year = {2003},
doi = {https://doi.org/10.1016/S0304-4076(03)00087-3},
author = {Daniel F. Waggoner and Tao Zha},
}

@article{rubio2010structural,
  title={Structural vector autoregressions: Theory of identification and algorithms for inference},
  author={Rubio-Ramirez, Juan F and Waggoner, Daniel F and Zha, Tao},
  journal={The Review of Economic Studies},
  volume={77},
  number={2},
  pages={665--696},
  year={2010},
  doi={10.1111/j.1467-937X.2009.00578.x}
}

@article{uhlig2005effects,
  title={What are the effects of monetary policy on output? Results from an agnostic identification procedure},
  author={Uhlig, Harald},
  journal={Journal of Monetary Economics},
  volume={52},
  number={2},
  pages={381--419},
  year={2005},
  doi={10.1016/j.jmoneco.2004.05.007}
}

@article{fry2011sign,
  title={Sign restrictions in structural vector autoregressions: A critical review},
  author={Fry, Renee and Pagan, Adrian},
  journal={Journal of Economic Literature},
  volume={49},
  number={4},
  pages={938--60},
  year={2011},
  doi = {10.1257/jel.49.4.938}
}


@article{Clark2015,
author = {Clark, Todd E. and Ravazzolo, Francesco},
journal = {Journal of Applied Econometrics},
pages = {551--575},
title = {{Macroeconomic Forecasting Performance Under Alternative Specification of Time-Varying Volatility}},
volume = {30},
year = {2015},
doi = {10.1002/jae.2379}
}


@article{Chan2018,
  title={Bayesian model comparison for time-varying parameter VARs with stochastic volatility},
  author={Chan, Joshua CC and Eisenstat, Eric},
  journal={Journal of Applied Econometrics},
  volume={33},
  number={4},
  pages={509--532},
  year={2018},
  doi = {10.1002/jae.2617}
}


@article{carriero_large_2019,
	title = {Large {Bayesian} vector autoregressions with stochastic volatility and non-conjugate priors},
	volume = {212},
	doi = {10.1016/j.jeconom.2019.04.024},
	number = {1},
	journal = {Journal of Econometrics},
	author = {Carriero, Andrea and Clark, Todd E. and Marcellino, Massimiliano},
	year = {2019},
	pages = {137--154}
}


@article{chan2020large,
  title={Large Bayesian VARs: A flexible Kronecker error covariance structure},
  author={Chan, Joshua CC},
  journal={Journal of Business \& Economic Statistics},
  volume={38},
  number={1},
  pages={68--79},
  year={2020},
  doi={10.1080/07350015.2018.1451336}
}


@article{Verdinelli1995,
author = {Verdinelli, Isabella and Wasserman, Larry},
journal = {Journal of the American Statistical Association},
number = {430},
pages = {614--618},
title = {{Computing Bayes Factors Using a Generalization of the Savage-Dickey Density Ratio}},
volume = {90},
year = {1995},
doi = {10.1080/01621459.1995.10476554}
}


@BOOK{Bauwens1999,
  title = {{Bayesian inference in dynamic econometric models}},
  publisher = {Oxford University Press, USA},
  year = {1999},
  author = {Bauwens, Luc and Richard, J.F. and Lubrano, Michel}
}


@BOOK{FruhwirthSchnatter2006,
  title = {{Finite Mixture and Markov Switching Models}},
  publisher = {Springer},
  year = {2006},
  author = {Fr\"{u}hwirth-Schnatter, Sylvia},
  doi = {10.1007/978-0-387-35768-3}
}

@incollection{song2021markov,
  title={Markov Switching},
  author={Song, Yong and Wo{\'z}niak, Tomasz},
  booktitle={Oxford Research Encyclopedia of Economics and Finance},
  year={2021},
  doi = {10.1093/acrefore/9780190625979.013.174}
}

@article{Robert1995,
author = {Christian P. Robert},
journal = {Statistics and Computing},
pages = {121--125},
title = {{Simulation of truncated normal variables}},
volume = {5},
number = {2},
year = {1995},
doi = {10.1007/BF00143942}
}

@article{hormann2014generating,
  title={Generating generalized inverse Gaussian random variates},
  author={H{\"o}rmann, Wolfgang and Leydold, Josef},
  journal={Statistics and Computing},
  volume={24},
  number={4},
  pages={547--557},
  year={2014},
  doi={10.1007/s11222-013-9387-3}
}


@article{CasellaGeorge1992,
author = { George   Casella  and  Edward I.   George },
title = {Explaining the Gibbs Sampler},
journal = {The American Statistician},
volume = {46},
number = {3},
pages = {167-174},
year  = {1992},
doi = {10.1080/00031305.1992.10475878}
}




@article{Chib1996,
author = {Chib, Siddhartha},
doi = {10.1016/0304-4076(95)01770-4},
journal = {Journal of Econometrics},
number = {1},
pages = {79--97},
title = {{Calculating posterior distributions and modal estimates in Markov mixture models}},
volume = {75},
year = {1996}
}



@article{mccausland2011simulation,
  title={Simulation smoothing for state--space models: A computational efficiency analysis},
  author={McCausland, William J and Miller, Shirley and Pelletier, Denis},
  journal={Computational Statistics \& Data Analysis},
  volume={55},
  number={1},
  pages={199--212},
  year={2011},
  doi = {10.1016/j.csda.2010.07.009}
}



@article{Omori2007,
  title={{Stochastic Volatility with Leverage: Fast and Efficient Likelihood Inference}},
  author={Omori, Yasuhiro and Chib, Siddhartha and Shephard, Neil and Nakajima, Jouchi},
  journal={Journal of Econometrics},
  volume={140},
  number={2},
  pages={425-449},
  year={2007},
  doi={10.1016/j.jeconom.2006.07.008}
}



@article{blanchard_empirical_2002,
	title = {An {Empirical} {Characterization} of the {Dynamic} {Effects} of {Changes} in {Government} {Spending} and {Taxes} on {Output}},
	volume = {117},
	doi = {10.1162/003355302320935043},
	number = {4},
	journal = {The Quarterly Journal of Economics},
	author = {Blanchard, O. and Perotti, R.},
	month = nov,
	year = {2002},
	pages = {1329--1368},
}

@article{mertens_reconciliation_2014,
	title = {A reconciliation of {SVAR} and narrative estimates of tax multipliers},
	volume = {68},
	doi = {10.1016/j.jmoneco.2013.04.004},
	journal = {Journal of Monetary Economics},
	author = {Mertens, Karel and Ravn, Morten O.},
	year = {2014},
	pages = {S1--S19},
}


@article{ramey2016macroeconomic,
  title={Macroeconomic shocks and their propagation},
  author={Ramey, Valerie A},
  journal={Handbook of macroeconomics},
  volume={2},
  pages={71--162},
  year={2016},
  publisher={Elsevier},
  doi = {10.1016/bs.hesmac.2016.03.003}
}



@article{lewis_identifying_2021,
	title = {Identifying {Shocks} via {Time}-{Varying} {Volatility}},
	volume = {88},
	doi = {10.1093/restud/rdab009},
	number = {6},
	journal = {The Review of Economic Studies},
	author = {Lewis, Daniel J},
	year = {2021},
	pages = {3086--3124},
}


@article{bertsche2022identification,
  title={Identification of structural vector autoregressions by stochastic volatility},
  author={Bertsche, Dominik and Braun, Robin},
  journal={Journal of Business \& Economic Statistics},
  volume={40},
  number={1},
  pages={328--341},
  year={2022},
  doi={10.1080/07350015.2020.1813588}
}
